@techreport{fu2012swot,
  title={SWOT: the Surface Water and Ocean Topography Mission: wide-swath altimetric elevation on Earth},
  author={Fu, Lee-Lueng and Alsdorf, Douglas and Morrow, Rosemary and Rodriguez, Ernesto and Mognard, Nelly},
  year={2012},
  institution={Jet Propulsion Laboratory, California Institute of Technology; NASA}
}

